@article{homan2014no,
  title={The no-U-turn sampler: Adaptively setting path lengths in Hamiltonian Monte Carlo},
  author={Hoffman, Matthew D and Gelman, Andrew},
  journal={The Journal of Machine Learning Research},
  volume={15},
  number={1},
  pages={1593--1623},
  year={2014},
  publisher={JMLR. org}
}

@article{neal,
  title={Probabilistic inference using Markov chain Monte Carlo methods},
  author={Neal, Radford M},
  year={1993},
  publisher={Department of Computer Science, University of Toronto Toronto, Canada}
}

@article{geman,
  title={Stochastic relaxation, Gibbs distributions, and the Bayesian restoration of images},
  author={Geman, Stuart and Geman, Donald},
  journal={Pattern Analysis and Machine Intelligence, IEEE Transactions on},
  number={6},
  pages={721--741},
  year={1984},
  publisher={IEEE}
}

@article{metropolis,
  title={Equation of state calculations by fast computing machines},
  author={Metropolis, Nicholas and Rosenbluth, Arianna W and Rosenbluth, Marshall N and Teller, Augusta H and Teller, Edward},
  journal={The journal of chemical physics},
  volume={21},
  number={6},
  pages={1087--1092},
  year={1953},
  publisher={AIP Publishing}
}

@article{duane,
  title={Hybrid monte carlo},
  author={Duane, Simon and Kennedy, Anthony D and Pendleton, Brian J and Roweth, Duncan},
  journal={Physics letters B},
  volume={195},
  number={2},
  pages={216--222},
  year={1987},
  publisher={Elsevier}
}